<record><leader>00000cas a22000007a 4500</leader><controlfield tag="001">15124989</controlfield><controlfield tag="008">870128d19081958inuwn ne      0    0eng d</controlfield><datafield ind1=" " ind2=" " tag="010"><subfield code="a">sn 87055175 </subfield></datafield><datafield ind1=" " ind2=" " tag="040"><subfield code="a">NPI</subfield><subfield code="b">eng</subfield><subfield code="c">NPI</subfield><subfield code="d">OCLCQ</subfield></datafield><datafield ind1=" " ind2=" " tag="042"><subfield code="a">msc</subfield></datafield><datafield ind1="0" ind2="4" tag="245"><subfield code="a">The Thorntown times.</subfield></datafield><datafield ind1=" " ind2=" " tag="260"><subfield code="a">Thorntown, Ind. :</subfield><subfield code="b">G.H. Hamilton,</subfield><subfield code="c">-1958.</subfield></datafield><datafield ind1=" " ind2=" " tag="310"><subfield code="a">Weekly (except 1st and last weeks of each year),</subfield><subfield code="b">1957-Aug. 29, 1958</subfield></datafield><datafield ind1=" " ind2=" " tag="321"><subfield code="a">Weekly,</subfield><subfield code="b">Jan. 6, 1909 [i.e. 1910]-1956</subfield></datafield><datafield ind1="1" ind2=" " tag="362"><subfield code="a">Began in 1908.</subfield></datafield><datafield ind1="0" ind2=" " tag="362"><subfield code="a">-v. 82, no. 5 (Aug. 29, 1958).</subfield></datafield><datafield ind1=" " ind2=" " tag="588"><subfield code="a">Description based on: Vol. 3, no. 30 (Jan. 6, 1909 [i.e. 1910]).</subfield></datafield><datafield ind1=" " ind2=" " tag="752"><subfield code="a">United States</subfield><subfield code="b">Indiana</subfield><subfield code="c">Boone</subfield><subfield code="d">Thorntown.</subfield></datafield></record>